<?xml version="1.0" encoding="UTF-8"?><collection xmlns="http://www.loc.gov/MARC21/slim"><record><leader>00468nam--2200145-i-4500</leader><controlfield tag="001">000010080</controlfield><controlfield tag="002">20161230</controlfield><controlfield tag="005">20161230201028</controlfield><controlfield tag="008">060222s1000------------r-----000-0-eng-d</controlfield><datafield ind1=" " ind2=" " tag="080"><subfield code="a">621.039.526</subfield></datafield><datafield ind1=" " ind2=" " tag="100"><subfield code="a">Davey, W.G.And Redman, W.C</subfield></datafield><datafield ind1=" " ind2=" " tag="245"><subfield code="a">Techniques in fast reactor critical experiment s.an aec monograph</subfield></datafield><datafield ind1=" " ind2=" " tag="260"><subfield code="a">New York, Gordon And Breach Science Publ.,1970 Xvii + 314 P</subfield></datafield><datafield ind1=" " ind2=" " tag="490"><subfield code="a">Monograph Series On Nuclear Science And Techno Logy</subfield></datafield><datafield ind1=" " ind2=" " tag="852"><subfield code="a">36123</subfield></datafield></record></collection>